  url = {http://improbable.com/airchives/paperair/volume12/v12i5/chicken-12-5.pdf},
@article{Zongker2006,
  annote = {chicken chicken chicken chicken. chicken chicken chicken chicken?
	chicken chicken.},
  author = {Doug Zongker},
  interhash = {c2baf3ca505a87c4e88f371e3da0d7e6},
  intrahash = {6418ea7cdff5c0e4107707a565504ba8},
  journal = {Annals of Improbable Research},
  number = 5,
  pages = {16--21},
  title = {Chicken chicken chicken: Chicken chicken},
  volume = 12,
  year = 2006,
  timestamp = {2011-03-27T17:20:41.000+0200},
  keywords = {academia,chicken},
  added-at = {2011-03-27T17:20:41.000+0200},
  file = {:Zongker_2006_Chicken chicken chicken Chicken chicken.pdf:PDF},
  mendeley-tags = {chicken},
  biburl = {http://www.bibsonomy.org/bibtex/26418ea7cdff5c0e4107707a565504ba8/yevb0},
  abstract = {Chicken chicken chicken chicken chicken chicken chicken chicken chicken
	chicken chicken chicken chicken chicken chicken chicken chicken.}
}

@misc{
  scigen,
  Author = {Jeremy Stribling and Max Krohn and Dan Aguayo},
  Title = {SCIgen - An Automatic {CS} Paper Generator},
  howpublished = {\url{http://pdos.csail.mit.edu/scigen/}}
}



@Article{cite:32,
  author = {{E.W}. {Doggerel}},
  title = {A study on pneumonoultramicroscopicsilicovolcanoconiosis},
  journal = {{Journal} of Interactive, Classical Epistemologies},
  Month = feb,
  Year = 1999,
  Volume = 74,
  Number = 2,
  Pages = {158--198}}

 @InProceedings{cite:31,
  author = {{F}. {J}. {Nincompoop} and {Venugopalan} {Ramasubramanian}},
  title = {Cooperative Epistemologies for {DHTs}},
  booktitle = {{Proceedings} of the {USENIX} {Security} {Conference}},
  Month = jan,
  Pages = {119-123},
  Year = 2003}

 @InProceedings{cite:1,
  author = {Non Existent and Phony Fake},
  title = {An example proceedings article on {Markov} Models},
  booktitle = {{Proceedings} of the {Workshop} on Pervasive, Adaptive Archetypes},
  Month = aug,
  Pages = {2--9},
  Year = 1995}

 @Article{cite:6,
  author = {{Y}. {Nincompoop}},
  title = {Architecting Digital-to-Analog Converters and {RPCs} Using {MANITU}},
  journal = {{Journal} of Efficient Methodologies},
  Month = sep,
  Year = 2005,
  Volume = 24,
  Number = 6,
  Pages = {1--10}}

@Article{cite:0,
  author = {R. U. A Stein},
  title = {An example journal article with a looong looooong title},
  journal = {Transactions on Computing Systems},
  Month = jan,
  Year = 2003,
  Volume = 60,
  Number = 1,
  Pages = {11--99}}

 @InProceedings{cite:28,
  author = {{P}. {Nincompoop} and {Manuel} {Blum} and De Zhen Zhu and {J}. {Quinlan}
and {B}. {U}. {Li} and {a}. {Chandrasekharan} and {X}. {Zhao} and
{Kristen} {Nygaard}},
  title = {A Refinement of the Memory Bus},
  booktitle = {{Proceedings} of the {Conference} on Virtual Communication},
  Month = may,
  Pages = {30--33},
  Year = 2005}

 @InProceedings{cite:4,
  author = {{Andrew} {Yokel} and {S}. {Shastri}},
  title = {Deconstructing Write-Ahead Logging with {Sowce}},
  booktitle = {{Proceedings} of the {Conference} on Pseudorandom and Distributed Theory},
  Month = oct,
  Pages = {6--10},
  Year = 2001}

 @Article{cite:30,
  author = {{R}. {S}. {Gawk} and {Scott} {Shenker} and {Deborah} {Estrin}},
  title = {A Refinement of Flip-Flop Gates with {\em {Apery}}},
  journal = {{Journal} of Probabilistic Models},
  Month = mar,
  Year = 2000,
  Volume = 89,
  Number = 58,
  Pages = {20--24}}

 @InProceedings{cite:29,
  author = {{Butler} {Loll} and {Van} {Jacobson} and {E}. {Clarke} and
{P}. {Bose}},
  title = {Expert Systems No Longer Considered Harmful},
  booktitle = {{Proceedings} of the {Symposium} on Trainable, Omniscient Information},
  Month = jun,
  Pages = {33-36},
  Year = 1990}

 @Article{cite:2,
  author = {{C}. {Astral} {R}. {Hoax} and {J}. {Dongarra} and {M}. {Nincompoop}},
  title = {Journal artical example: A Case for Link-Level Acknowledgements},
  journal = {{Journal} of Replicated Theory},
  Month = nov,
  Year = 2005,
  Volume = 73,
  Number = 28,
  Pages = {57--64}}
